<?xml version="1.0" encoding="UTF-8" ?>
<collection xmlns:xsi="http://www.w3.org/2001/XMLSchema-instance"
    xsi:schemaLocation="http://www.loc.gov/MARC21/slim
        http://www.loc.gov/standards/marcxml/schema/MARC21slim.xsd"
    xmlns="http://www.loc.gov/MARC21/slim">
<record>
  <leader>00212cam a2200385 i 4500</leader>
  <controlfield tag="001">b12457243</controlfield>
  <controlfield tag="003">LeBAU</controlfield>
  <controlfield tag="005">20190830</controlfield>
  <controlfield tag="008">970522s1944    iq            ||0 0 ara d</controlfield>
  <datafield tag="035" ind1=" " ind2=" ">
    <subfield code="a">ocn784325476</subfield>
  </datafield>
  <datafield tag="040" ind1=" " ind2=" ">
    <subfield code="a">LEAUB</subfield>
    <subfield code="b">ara</subfield>
    <subfield code="e">rda</subfield>
    <subfield code="c">LEAUB</subfield>
    <subfield code="d">LEAUB</subfield>
  </datafield>
  <datafield tag="043" ind1=" " ind2=" ">
    <subfield code="a">a-iq---</subfield>
  </datafield>
  <datafield tag="082" ind1="0" ind2="4">
    <subfield code="a">370.9567</subfield>
    <subfield code="2">20</subfield>
  </datafield>
  <datafield tag="100" ind1="1" ind2=" ">
    <subfield code="6">880-01</subfield>
    <subfield code="a">Ibrāhīm, ʻAbd al-Fattāḥ,</subfield>
    <subfield code="d">1907-.</subfield>
    <subfield code="e">author.</subfield>
    <subfield code="0">https://lccn.loc.gov/n89109730 ,</subfield>
  </datafield>
  <datafield tag="245" ind1="1" ind2="0">
    <subfield code="6">880-02</subfield>
    <subfield code="a">Taʻlīq ʻalá Mudhakkirah fī mustaqbal al-tarbiyah wa-al-taʻlīm fī al-ʻIrāq /</subfield>
    <subfield code="c">ʻAbd al-Fattāḥ Ibrāhīm.</subfield>
  </datafield>
  <datafield tag="264" ind1=" " ind2="1">
    <subfield code="6">880-03</subfield>
    <subfield code="a">Baghdād :</subfield>
    <subfield code="b">Maktabat Baghdād,</subfield>
    <subfield code="c">1944.</subfield>
  </datafield>
  <datafield tag="300" ind1=" " ind2=" ">
    <subfield code="6">880-04</subfield>
    <subfield code="a">44 pages ;</subfield>
    <subfield code="c">20 cm</subfield>
  </datafield>
  <datafield tag="336" ind1=" " ind2=" ">
    <subfield code="a">text</subfield>
    <subfield code="b">txt</subfield>
    <subfield code="2">rdacontent</subfield>
  </datafield>
  <datafield tag="337" ind1=" " ind2=" ">
    <subfield code="a">unmediated</subfield>
    <subfield code="b">n</subfield>
    <subfield code="2">rdamedia</subfield>
  </datafield>
  <datafield tag="338" ind1=" " ind2=" ">
    <subfield code="a">volume</subfield>
    <subfield code="b">nc</subfield>
    <subfield code="2">rdacarrier</subfield>
  </datafield>
  <datafield tag="600" ind1="1" ind2="4">
    <subfield code="a">الجمالي، محمد فاضل،</subfield>
    <subfield code="d">1903-1997.</subfield>
    <subfield code="t">مذكرة في مستقبل التربية والتعليم في العراق.</subfield>
  </datafield>
  <datafield tag="600" ind1="1" ind2="0">
    <subfield code="a">Jamālī, Muḥammad Fāḍil,</subfield>
    <subfield code="d">1903-1997.</subfield>
    <subfield code="t">Mudhakkirah fī mustaqbal al-tarbiyah wa-al-taʻlīm fī al-ʻIrāq.</subfield>
  </datafield>
  <datafield tag="650" ind1=" " ind2="4">
    <subfield code="a">التربية</subfield>
    <subfield code="z">العراق.</subfield>
  </datafield>
  <datafield tag="650" ind1=" " ind2="0">
    <subfield code="a">Education</subfield>
    <subfield code="z">Iraq.</subfield>
  </datafield>
  <datafield tag="787" ind1="0" ind2="8">
    <subfield code="6">880-05</subfield>
    <subfield code="i">is commentary on (work)</subfield>
    <subfield code="4">http://rdaregistry.info/Elements/w/P10187 :</subfield>
    <subfield code="a">Jamālī, Muḥammad Fāḍil, 1903-1997.</subfield>
    <subfield code="t">Mudhakkirah fī mustaqbal al-tarbiyah wa-al-taʻlīm fī al-ʻIrāq.</subfield>
    <subfield code="d">Baghdād : Maṭbaʻat Tafīḍ al-Ahlīyah, 1944</subfield>
    <subfield code="w">(OCoLC)784325473</subfield>
    <subfield code="w">(OCoLC)784325473</subfield>
  </datafield>
  <datafield tag="852" ind1=" " ind2=" ">
    <subfield code="a">Jafet Library</subfield>
    <subfield code="e">American University of Beirut, Bliss Street , Beirut, Lebanon.</subfield>
  </datafield>
  <datafield tag="880" ind1="1" ind2=" ">
    <subfield code="6">100-01/(3/r</subfield>
    <subfield code="a">إبراهيم، عبد الفتاح،</subfield>
    <subfield code="d">1907-</subfield>
    <subfield code="0">https://lccn.loc.gov/n89109730 ,</subfield>
    <subfield code="e">مؤلف. </subfield>
    <subfield code="4">aut.</subfield>
  </datafield>
  <datafield tag="880" ind1="1" ind2="0">
    <subfield code="6">245-02/(3/r</subfield>
    <subfield code="a">تعليق على مذكرة في مستقبل التربية والتعليم في العراق /</subfield>
    <subfield code="c">عبد الفتاح ابراهيم.</subfield>
  </datafield>
  <datafield tag="880" ind1=" " ind2="1">
    <subfield code="6">264-03/(3/r</subfield>
    <subfield code="a">بغداد :</subfield>
    <subfield code="b">مكتبة بغداد،</subfield>
    <subfield code="c">1944.</subfield>
  </datafield>
  <datafield tag="880" ind1="0" ind2="8">
    <subfield code="6">787-05/(3/r</subfield>
    <subfield code="i">تعليق على (عمل)</subfield>
    <subfield code="4">http://rdaregistry.info/Elements/w/P10187 :</subfield>
    <subfield code="a">الجمالي، محمد فاضل، 1903-1997.</subfield>
    <subfield code="t">مذكرة في مستقبل التربية والتعليم في العراق.</subfield>
    <subfield code="d">بغداد : مطبعة التفيض الاهلية، 1944</subfield>
    <subfield code="w">(LEAUB)b12457218</subfield>
    <subfield code="w">(OCoLC)784325473</subfield>
  </datafield>
  <datafield tag="880" ind1=" " ind2=" ">
    <subfield code="6">300-04/(3/r</subfield>
    <subfield code="a">44 صفحة ؛</subfield>
    <subfield code="c">20 سم</subfield>
  </datafield>
  <datafield tag="907" ind1=" " ind2=" ">
    <subfield code="a">.b12457243</subfield>
    <subfield code="b">19-08-30</subfield>
    <subfield code="c">11-05-24</subfield>
  </datafield>
  <datafield tag="907" ind1=" " ind2=" ">
    <subfield code="a">.b12457243</subfield>
    <subfield code="b">15-10-15</subfield>
    <subfield code="c">11-05-24</subfield>
  </datafield>
  <datafield tag="945" ind1=" " ind2=" ">
    <subfield code="f">J</subfield>
    <subfield code="a">370.9567:J27mtA</subfield>
    <subfield code="i">01022029</subfield>
    <subfield code="j">.i1293673x</subfield>
    <subfield code="l">u0503</subfield>
  </datafield>
  <datafield tag="998" ind1=" " ind2=" ">
    <subfield code="a">u05</subfield>
    <subfield code="b">97-05-22</subfield>
    <subfield code="c">m</subfield>
    <subfield code="d">a  </subfield>
    <subfield code="e">-</subfield>
    <subfield code="f">ara</subfield>
    <subfield code="g">iq </subfield>
    <subfield code="h">0</subfield>
    <subfield code="i">1</subfield>
  </datafield>
</record>
</collection>
